<?xml version="1.0" encoding="UTF-8"?><collection xmlns="http://www.loc.gov/MARC21/slim"><record><leader>00426nam--2200169-i-4500</leader><controlfield tag="001">000000047</controlfield><controlfield tag="002">20161230</controlfield><controlfield tag="005">20170101233001</controlfield><controlfield tag="008">060222s1000------------r-----000-0-eng-d</controlfield><datafield ind1=" " ind2=" " tag="080"><subfield code="a">621.38(038)</subfield></datafield><datafield ind1=" " ind2=" " tag="100"><subfield code="a">Fritzche, Gottfried</subfield></datafield><datafield ind1=" " ind2=" " tag="245"><subfield code="a">Aktive rc-schaltungen in der elektronik</subfield></datafield><datafield ind1=" " ind2=" " tag="260"><subfield code="a">Berlin, Veb Verlag Technik</subfield></datafield><datafield ind1=" " ind2=" " tag="300"><subfield code="a">180 P</subfield></datafield><datafield ind1=" " ind2=" " tag="700"><subfield code="a">Siedel, Volkmar</subfield></datafield><datafield ind1=" " ind2=" " tag="852"><subfield code="a">70733</subfield></datafield><datafield ind1=" " ind2=" " tag="CAT"><subfield code="a">SYS</subfield><subfield code="c">20170101</subfield><subfield code="h">233001</subfield></datafield></record></collection>